@misc{qiao2024artificial,
      title={Artificial Neural Networks - Supervised Learning}, 
      author={Wei Qiao}, 
      year={2024}, 
      note={ECEN-935: Computational Intelligence, September 2024}
}

@book{bishop2006pattern,
   title={Pattern Recognition and Machine Learning},
   author={Christopher M. Bishop},
   year={2006},
   publisher={Springer},
   isbn={9780387310732}
}

@book{engelbrecht2007computational,
   title={Computational Intelligence: An Introduction},
   author={Andries P. Engelbrecht},
   edition={2nd},
   year={2007},
   publisher={Wiley},
   address={Chichester, U.K.},
   isbn={978-0470035610}
}
